

@article{Mittal:2016,
  author    = {S. Mittal},
  title     = {A survey of techniques for approximate computing.},
  journal   = {ACM Comput. Surv.},
  year      = {2016},
  pages     = {1--33},  
  publisher     = {ACM},
}




@article{Shafique:dac16,
  author    = {M. Shafique and R. Hafiz and others},
  title     = {Invited: Cross-layer approximate computing: From logic to architectures},
  journal   = {DAC'16},
  year      = {2016},
  pages     = {1--6},  
  publisher     = {IEEE},
}





@article{Judd:2016,
  author    = {P. Judd and J. Albericio and others},
  title     = {Proteus: Exploiting Numerical Precision Variability in Deep Neural Networks},
  journal   = {ICS'16},
  year      = {2016},
  pages     = {1--12},  
  publisher     = {ACM},
}




@article{iccad17,
  author    = {M. \v{C}e\v{s}ka and others},
  title     = {Approximating Complex Arithmetic Circuits with Formal Error Guarantees: 32-bit Multipliers Accomplished},
  journal   = {ICCAD'17},
  year      = {2017},
  pages     = {416--423},  
  publisher     = {IEEE},
}




@article{sfc,
  author    = {H. R. Mahdiani and others},
  title     = {Bio-inspired imprecise computational blocks for efficient VLSI implementation of soft-computing applications},
  journal   = {TCAS-I},
  pages     = {850 -- 862},
  year      = {2010},
  publisher     = {IEEE},
}



@article{miter,
  author    = {A. Chandrasekharan and others},
  title     = {Precise error determination of approximated components in sequential circuits with modelchecking},
  journal   = {DAC'16},
  year      = {2016},
  publisher     = {IEEE},
}


@InProceedings{ADAC,
author="{\v{C}}e{\v{s}}ka, Milan
and Maty{\'a}{\v{s}}, Ji{\v{r}}{\'i}
and others",
booktitle="CAV'18",
year="2018",
publisher="Springer",
series="LNCS",
title="{ADAC}: Automated Design of Approximate Circuits",
}


@inproceedings{venkatesan-ICCAD'11,
  author    = {Rangharajan Venkatesan and Amit Agarwal and Kaushik Roy and Anand Raghunathan},
  title     = {MACACO: Modeling and analysis of circuits for approximate computing},
  pages     = {667--673},
  booktitle = {ICCAD'11},
  publisher = {ACM},
  year      = {2011},
}


@INPROCEEDINGS{vasicek-relax,
author={Z. Vasicek},
booktitle={Proceedings of DDECS'17},
title={Relaxed equivalence checking: a new challenge in logic synthesis},
 pages={1-6}, 
year={2017},
publisher={IEEE}}


@INPROCEEDINGS{drechsler-DAC'16,
author={A. Chandrasekharan and others},
booktitle={DAC'16},
title={Precise error determination of approximated components in sequential circuits with model checking},
year={2016},
publisher={IEEE}}


@inproceedings{Chakraborty16,
 author = {Chakraborty, Supratik and Meel, Kuldeep S. and Mistry, Rakesh and Vardi, Moshe Y.},
 title = {Approximate Probabilistic Inference via Word-level Counting},
 booktitle = {Proceedings of AAAI'16},
 year = {2016},
 pages = {3218--3224},
 publisher = {AAAI Press},
} 



@INPROCEEDINGS{Vasicek:DATE17,
   author = {Zdenek Vasicek and others},
   title = "{Towards Low Power Approximate {DCT} Architecture for {HEVC} standard}",
   pages = {1576--1581},
   booktitle = "DATE'17",
   publisher = {IEEE},
   year = {2017},
}



@inproceedings{chan-ICCAD'16,
 author = {Chandrasekharan, Arun and others},
 title = {Approximation-aware Rewriting of {AIGs} for Error Tolerant Applications},
 booktitle = {Proceedings of ICCAD'16},
 year = {2016},
  pages = {83:1--83:8},
 publisher = {ACM},
} 



@inproceedings{ABC-CAV'10,
author="Brayton, Robert
and Mishchenko, Alan",
title="{ABC}: An Academic Industrial-Strength Verification Tool",
bookTitle="Proceedings of CAV'10",
pages={24-40},
year="2010",
publisher="Springer"
}

@inproceedings{Chippa:dac2013,
  author    = {Vinay K. Chippa and others},
  title     = {Analysis and characterization of inherent application resilience for approximate computing},
  year      = {2013},
  booktitle     = {DAC'13},
  publisher = {ACM},
}


@inproceedings{Error-Quant-DAC'16,
 author = {Chandrasekharan, Arun and Soeken, Mathias and Gro{\ss}e, Daniel and Drechsler, Rolf},
 title = {Precise Error Determination of Approximated Components in Sequential Circuits with Model Checking},
 booktitle = {DAC'16},
 year = {2016},
 pages = {129:1--129:6},
 publisher = {ACM}
} 


@inproceedings{approx-So-Mo-CGP'15,
 author = {Vasicek, Zdenek and Sekanina, Lukas},
 title = {Circuit Approximation Using Single- and Multi-objective {C}artesian {GP}},
 booktitle = {EuroGP'15},
 year = {2015},
 pages = {217--229},
 publisher = {Springer}
} 


@inproceedings{SALSA,
  author    = {Swagath Venkataramani and others},
  title     = {{SALSA}: systematic logic synthesis of approximate circuits},
  pages     = {796--801},
  booktitle     = {DAC'12},
  publisher = {ACM},
  year      = {2012},
}

@inproceedings{SASIMI,
  author    = {Swagath Venkataramani and others},
  title     = {Substitute-and-simplify: a unified design paradigm for approximate and quality configurable circuits},
  booktitle     = {DATE'13},
  publisher = {EDA},
  year      = {2013},
}

@INPROCEEDINGS{mrazek:date:17,
   author = {V. Mrazek and others},
   title = {Library of Approximate Adders and Multipliers
	for Circuit Design and Benchmarking of Approximation Methods},
   booktitle = {DATE'17},
   year = {2017},
   xpublisher = {EDAA},
}


@InProceedings{miller:cgp:book,
author="Miller, Julian F.
and Thomson, Peter",
title="Cartesian Genetic Programming",
booktitle="Genetic Programming",
year="2000",
publisher="Springer Berlin Heidelberg",
}



@inproceedings{Ciesielski15,
 author = {Ciesielski, Maciej and others},
 title = {Verification of Gate-level Arithmetic Circuits by Function Extraction},
 booktitle = {DAC '15},
 year = {2015},
 publisher = {ACM}
} 

