@inproceedings{schedspec12,
  author    = {J.~Wu and Y.~Tang and H.~Hu and H.~Cui and J.~Yang},
  title     = "{Sound and Precise Analysis of Parallel Programs through Schedule
                Specialization}",
  booktitle = {Proc. of PLDI'12},
  publisher = {ACM},
  year      = {2012},
}

@article{noise15,
  author    = {J.~Fiedor and V.~Hrub\'{a} and B.~K\v{r}ena and Z.~Letko and
               S.~Ur and T.~Vojnar},
  title     = "{Advances in Noise-Based Testing of Concurrent Software}",
  pages     = {272--309},
  journal   = {Softw. Test. Verif. Reliab.},
  volume    = {25},
  number    = {3},
  publisher = {Wiley},
  year      = {2015},
}

@inproceedings{fasttrack09,
  author    = {C.~Flanagan and S.~Freund},
  title     = "{FastTrack: Efficient and Precise Dynamic Race Detection}",
  booktitle = {Proc. of PLDI'09},
  publisher = {ACM},
  year      = {2009},
}

@inproceedings{lazy-seq-16,
  author    = {T.~Nguyen and B.~Fischer and S.~Torre and G.~Parlato},
  title     = "{Lazy Sequentialization for the Safety Verif. of
                Unbound. Concur. Programs}",
  booktitle = {Proc. of ATVA'16},
  publisher = {Springer},
  series    = {LNCS},
  volume    = {9938},
  year      = {2016},
}

@inproceedings{racerX03,
  author    = {D.~Engler and K.~Ashcraft},
  title     = "{RacerX: Effective, Static Detection of Race Conditions and
                Deadlocks}",
  booktitle = {Proc. of SOSP'03},
  publisher = {ACM},
  year      = {2003},
}

@inproceedings{inferNFM15,
  author    = {C.~Calcagno and D.~Distefano and J.~Dubreil and D.~Gabi and
               P.~Hooimeijer and M.~Luca and others},
  title     = "{Moving Fast with Software Verification}",
  booktitle = {Proc. of NFM'15},
  publisher = {Springer},
  series    = {LNCS},
  volume    = {9058},
  year      = {2015},
}

@article{inferCACM19,
  author    = {D.~Distefano and M.~F\"{a}hndrich and F.~Logozzo and
               P.~O'Hearn},
  title     = "{Scaling Static Analyses at Facebook}",
  pages     = {62--70},
  journal   = {Commun. ACM},
  volume    = {62},
  number    = {8},
  publisher = {ACM},
  year      = {2019},
}

@article{racerD18,
  author    = {S.~Blackshear and N.~Gorogiannis and P.~O'Hearn and I.~Sergey},
  title     = "{RacerD: Compositional Static Race Detection}",
  pages     = {144:1--144:28},
  journal   = {Proc. of ACMPL},
  volume    = {2},
  number    = {OOPSLA},
  publisher = {ACM},
  year      = {2018},
}

@inproceedings{kroening16,
  author    = {D.~Kroening and D.~Poetzl and P.~Schrammel and B.~Wachter},
  title     = "{Sound Static Deadlock Analysis for C/Pthreads}",
  booktitle = {Proc. of ASE'16},
  publisher = {ACM},
  year      = {2016},
}

@article{contestframework03,
  author    = {O.~Edelstein and E.~Farchi and E.~Goldin and Y.~Nir and
               G.~Ratsaby and S.~Ur},
  title     = "{Framework for Testing Multi-Threaded Java Programs}",
  pages     = {485--499},
  journal   = {Concur. Computat.: Pract. Exper.},
  volume    = {15},
  number    = {3--5},
  publisher = {Wiley},
  year      = {2003},
}

@inproceedings{anaconda,
  author    = {J.~Fiedor and M.~Mu\v{z}ikovsk\'a and A.~Smr\v{c}ka and
               O.~Va\v{s}\'i\v{c}ek and T.~Vojnar},
  title     = "{Advances in the ANaConDA Framework for Dynamic Analysis\ldots}",
  booktitle = {Proc. of ISSTA'18},
  publisher = {ACM},
  year      = {2018},
}

@inproceedings{lal-reps-08,
  author    = {A.~Lal and T.~Reps},
  title     = "{Reducing Concurrent Analysis Under a~Context Bound
                to Sequential Analysis}",
  booktitle = {Proc. of CAV'08},
  publisher = {Springer},
  year      = {2008},
}

@inproceedings{velodrome08,
  author    = {C.~Flanagan and S.~Freund and J.~Yi},
  title     = "{Velodrome: A~Sound and Complete Dynamic Atomicity Checker
                for Multithreaded Programs}",
  booktitle = {Proc. of PLDI'08},
  publisher = {ACM},
  year      = {2008},
}

@inproceedings{ai77,
  author    = {P.~Cousot and R.~Cousot},
  title     = "{Abstract Interpretation: A~Unified Lattice Model
                for Static Analysis of Programs by Construction or
                Approx. of Fixpoints}",
  booktitle = {Proc. of POPL'77},
  publisher = {ACM},
  year      = {1977},
}

@inproceedings{dfa73,
  author    = {G.~Kildall},
  title     = "{A~Unified Approach to Global Program Optimization}",
  booktitle = {Proc. of POPL'73},
  publisher = {ACM},
  year      = {1973},
}

@inproceedings{biabd09,
  author    = {C.~Calcagno and D.~Distefano and P.~O'Hearn and H.~Yang},
  title     = "{Compositional Shape Analysis by Means of Bi-Abduction}",
  booktitle = {Proc. of POPL'09},
  publisher = {ACM},
  year      = {2009},
}

@inproceedings{dfagr95,
  author    = {T.~Reps and S.~Horwitz and M.~Sagiv},
  title     = "{Precise Interprocedural Dataflow Analysis via Graph
                Reachability}",
  booktitle = {Proc. of POPL'95},
  publisher = {ACM},
  year      = {1995},
}

@inproceedings{ap15,
  author    = {J.~Lerch and J.~Sp\"{a}th and E.~Bodden and M.~Mezini},
  title     = "{Access-Path Abstraction: Scaling Field-Sensitive
                Data-Flow Analysis with Unbound. Access Paths}",
  booktitle = {Proc. of ASE'15},
  publisher = {IEEE},
  year      = {2015},
}

@inproceedings{deadlock-nikos21,
  author    = {J.~Brotherston and P.~Brunet and N.~Gorogiannis and
               M.~Kanovich},
  title     = "{A~Compositional Deadlock Detector for Android Java}",
  booktitle = {Proc. of ASE'21},
  publisher = {IEEE},
  year      = {2021},
}

@inproceedings{goodlock00,
  author    = {K.~Havelund},
  title     = "{Using Runtime Analysis to Guide Model Checking
                of Java Programs}",
  booktitle = {SPIN Model Checking and Software Verification},
  publisher = {Springer},
  series    = {LNCS},
  volume    = {1885},
  year      = {2000},
}

@article{jpf00,
  author    = {K.~Havelund and T.~Pressburger},
  title     = "{Model Checking Java Programs Using Java PathFinder}",
  pages     = {366--381},
  journal   = {Inter. Jour. on STTT},
  volume    = {2},
  number    = {4},
  publisher = {Springer},
  year      = {2000},
}

@inproceedings{airlock20,
  author    = {Y.~Cai and R.~Meng and J.~Palsberg},
  title     = "{Low-Overhead Deadlock Prediction}",
  booktitle = {Proc. of ICSE'20},
  publisher = {ACM},
  year      = {2020},
}

@article{frama-c,
  author  = {J.~Signoles and P.~Cuoq and F.~Kirchner and N.~Kosmatov and
             V.~Prevosto and B.~Yakobowski},
  title   = "{Frama-C: A~Software Analysis Perspective}",
  journal = {Formal Aspects of Computing},
  volume  = {27},
  year    = {2012},
}
